Bibiographie

@misc{ref,
author={L'internaute},
title={Climat et historique météo Pyrenees Atlantiques (Aquitaine) en 2014},
year={2015},
note={http://www.linternaute.com/voyage/climat/pyrenees-atlantiques/departement-64/2014}}

@misc{ref2,
author={InfoTerre},
title={InfoTerre, le visualiseur des données géoscientifiques | BRGM - Infoterre},
note={http://infoterre.brgm.fr/}}

@misc{ref3,
author={INSEE},
title={Insee - Bases de données - Données locales},
note={http://www.insee.fr/fr/bases-de-donnees/}}

@misc{ref4,
author={TerroirSelect.info},
title={Les variétés de Myrtilles cultivées},
note={http://www.terroirselect.info/territoires/limousin/varietes-myrtilles.html}}

@manual{ref5,
title={Référentiel diversification - 2005, Myrtilles},
author={Antoine, Thierry},
year={2005},
organization={Chambre d'agriculture Lorraine}}

@misc{ref6,
author={RCS Oloron-Ste-Marie},
title={Comptes annuels},
year={2014},
note={Comptes annuels de SàRL "Les jardins d'Ossau"}}

@unpublished{ref7,
author={Scnell, Marie-Laure},
note={informations données par une exploitante de myrtilles en Alsace}}

@misc{ref8,
author={Google},
note={goole maps}}

@misc{ref9,
author={AMAP Las Branas},
note={http://lasbranas.amap-aquitaine.org/blog/contrats/myrtille/}}

@misc{ref10,
author={Anelfa},
title={Climatologie de la grêle - Anelfa : association nationale d'études et de lutte contre les fléaux atmosphériques},
note={http://www.anelfa.asso.fr/Climatologie-de-la-grele.html}}

@misc{ref11,
author={Gaba, Eric AND NASA AND Hondet, Ludovic},
title={Pyrénées topographic map-fr},
note={sous licence CC BY-SA 3.0}}

@article{ref12,
journal={La République des Pyrénées},
title={1991 : Rébénacq dévasté par la grêle},
year={2011},
month={Mai},
note={http://www.larepubliquedespyrenees.fr/2011/06/21/1991-rebenacq-devaste-par-la-grele,199858.php}}

@article{ref13,
journal={La République des Pyrénées},
title={Météo : attention aux orages et à la grêle},
year={2013},
month={Mars},
note={http://www.larepubliquedespyrenees.fr/2013/03/24/meteo-attention-aux-orages-et-a-la-grele,1123612.php}}

@article{ref14,
journal={La République des Pyrénées},
title={Orage de grêle en Béarn : les photos de nos lecteurs},
year={2014},
month={Juillet},
note={http://www.larepubliquedespyrenees.fr/2014/07/01/orage-de-grele-en-bearn-les-photos-de-nos-lecteurs,1200135.php}}

@article{ref15,
journal={La République des Pyrénées},
title={Orages violents : grêle et arbres arrachés en Béarn},
year={2015},
month={Août},
note={http://www.larepubliquedespyrenees.fr/2015/08/31/orages-violents-en-bearn-grele-et-arbres-arraches,1272708.php}}

@manual{ref16,
title={L'emballage des vergers de fruits à pépins: un élément de la stratégie de lutte contre le feu bactérien?},
year={2007},
organization={Forschungsanstalt Agroscope Changins-Wädenswil ACW}}

@article{MAR_ref16,
author={Combes, Didier AND Robert, P AND Hurlus, Jean-Michel},
journal={Innovations Agronomiques 45},
title={Lumière: efficience et architecture des plantes; impact des édifices / des éclairages sur le développement des plantes. L'exemple des pelouses},
year={2015},
pages={13-22}}

@article{MAR_ref17,
author={Combes, Didier AND Sinoquet, Hervé AND Varlet-Grancher, Claude},
journal={Ann. For. Sci. 57},
title={Preliminary measurement and simulation of the spatial distribution of Morphogenetically Active Radiation (MAR) within an isolated tree canopy},
year={2000},
pages={497-511}}

@article{MAR_ref18,
title={Comparaison de modèles de transferts radiatifs pour simuler la distribution du rayonnement actif sur la morphogénèse (MAR) au sein d'un peuplement végétal à une échelle locale},
author={Combes, Didier},
school={Université Blaise Pascal},
year={2002}}

@article{ref19,
author={Picard, Maurin},
journal={Guerres et Histoire 17},
title={J'ai chassé le Mosquito sur Me 262},
year={2014},
month={Février},
pages={6-12}}

@article{ref20,
author={Friedman, William S.},
journal={Popular science},
title={Flying plywood with a sting},
year={1943},
month={Décembre}}

@misc{ref21,
author={CIRAD-Forêt de Montpellier},
title={Fiche sur le balsa},
note={http://www.le-bois.com/detail-essence-bois-1-balsa-0000016}}

@misc{ref22,
author={Oberflex},
title={Fiche sur le bouleau},
note={http://www.oberflex.com}}

@manual{MAR_ref23,
title={Tree analyser manual},
author={Sinoquet, Hervé AND Phattaralerphong, Jessada},
year={2005},
organization={INRA U.M.R. PIAF}}

@article{MAR_ref24,
author={Sinoquet, Hervé AND Phattaralerphong, Jessada},
journal={Tree Physiology},
volume={25},
title={A method for 3D reconstruction of tree crown volume from photographs: assessment with 3D-digitized plants},
year={2005},
pages={1229-1242}}

@article{MAR_ref25,
author={Sinoquet, Hervé AND Phattaralerphong, Jessada AND Sathornkich, J.},
journal={Tree Physiology},
volume={26},
title={A photographic gap fraction method for estimating leaf area of isolated trees: assessment with 3D digitized plants},
year={2006},
pages={1123-1136}}

@article{MAR_ref26,
author={Giuliani, Rita AND Magnanini, Eugenio AND Muzzi, Enrico AND Nerozzi, Fabrizio AND Tombesi, Sergio AND Palliotti, Alberto AND Gatti, Matteo AND Poni, Stefano},
journal={Agricultural end Forets Meteorolgy},
volume={221},
title={An enhanced method to infer gas exchange function in peach trees having different canopy shapes based on canopy quantum flux absorption assessment},
year={2016},
pages={1-12},
publisher={Elsevier}}

@article{MAR_ref27,
author={Sinoquet, Hervé AND Sonohat, Gabriela AND Phattaralerphong, Jessada AND Godin, Christophe},
journal={Plant, Cell and Environment},
volume={28},
title={Foliage randomness and light interception in 3D digitized trees: an analysis from multiscale discretization of the canopy},
year={2005},
pages={1158-1170}}

@article{MAR_ref28,
author={Gardiner, Barry AND Berry, Peter AND Moulia, Bruno},
journal={Plant Science},
volume={245},
title={Review: Wind impacts on plant growth, mechanics and damage},
year={2016},
pages={94-118}}

@article{MAR_ref29,
author={Escobar-Gutiérrez, Abraham J. AND Combes, Didier AND Rakocevic, Miroslav
  AND de Berranger, Christophe AND Eprinchard-Ciesla, Annie AND Sinoquet, Hervé
    AND Varler-Grancher, Claude},
journal={Agricultural and Forest Meteorology},
volume={149},
title={Functional relationships to estimate Morphogenetically Active Radiation
  (MAR) from PAR and solar broadband irradiance measurements: the case of sorghum crop},
year={2009},
pages={1244-1253}}

@article{MAR_ref30,
author={Wherley, B. G. AND Gardner, D. S. AND Metzger, J. D.},
journal={Crop Science},
volume={45},
title={Tall fescue photomorphogenesis as influenced by changes in the spectral composition and light intensity},
year={2005},
pages={562-568}}

@article{MAR_ref31,
author={Baraldi, R. AND Rossi, F. AND Fasolo, F. AND Rotondi, A. AND Magli, M. AND Nerozzi, Fabrizio},
journal={Physiologia plantarum},
volume={91},
title={Light environment, growth and morphogenesis in a peach tree canopy},
year={1994},
pages={339-345}}

@article{MAR_ref32,
author={Zarate-Valdez, Jose AND Metcalf, Samuel AND Stewart, William AND Ustin, Susan AND Lampinen, Bruce},
journal={Precision Agric},
volume={16},
title={Estimating light interception in tree crops with digital images of canopy shadow},
year={2015},
pages={425-440}}

@article{MAR_ref33,
author={Oker-Blom, Pauline AND Kaufmann, Merill AND Ryan, Michael},
journal={Tree Physiology}, 
volume={9},
title={Performance of a canopy light interception model for conifer shoots, trees and stands},
year={1991},
pages={227-243}}

@article{MAR_ref34,
author={Reicosky, D. C. AND Dugas, W. A. AND Torbert, H. A.},
journal={Soil and Tillage Reasearch},
volume={41},
title={Tillage-induced soil carbon dioxide loss from different cropping systems},
year={1997},
pages={105-118}}

@article{MAR_ref35,
author={Combes, Didier AND Sinoquet, Hervé AND Varlet-Grancher, Claude},
journal={Ann. For. Sci.},
volume={57},
title={Preliminary measurement and simulation of the spatial distribution of the Morphogenetically Active Radiation (MAR) within an isolated tree canopy},
year={2000},
pages={497-511}}

@article{MAR_ref36,
author={Dengel, S. AND Grace, J. AND MAcArthur, A.},
journal={Biogeosciences},
volume={12},
title={Transmissivity of solar radiation within a \textit{Picea sitchensis} stand under various sky conditions},
year={2015},
month={Juillet},
pages={4195-4207}}

@phdthesis{MAR_ref37,
author={Piboule, Alexandre},
title={Validation et analyse de sensibilité d'un modèle de transfert radiatif en vue de son application à la cartographie de l'éclairement en peuplement forestier},
school={Université Henri Poincaré},
year={2001},
month={Août}}

@manual{R_ref38,
title={R: A Language and Environment for Statistical Computing},
author={{R Core Team}},
organization={R Foundation for Statistical Computing},
address={Vienna, Austria},
year={2016},
url={https://www.R-project.org/}}

@manual{ImageJ_ref39,
title={ImageJ User Guide},
author={Ferreira, Tiago AND Rasband, Wayne},
organization={Image Processing and Analysis in Java},
year={2012},
url={https://imagej.nih.gov/ij/docs/index.html}}


@misc{Python_ref40,
title={Mesure de surface de feuilles v2.py},
author={Roy, Eric},
month={Avril},
year={2016},
note={script Python}}

@article{MAR_ref41,
  title={Indivdual tree models for the crown biomass distribution of Scots pine,
    Norway spruce and birch in Finland},
  author={Tahvanaien, Timo AND Forss, Eero},
  journal={Forest Ecology and Management},
  volume={255},
  pages={455-467},
  month={Septembre},
  year={2007}}

@misc{Python_ref42,
  author={Hondet, Gabriel},
  title={resize convert.py},
  howpublished = {\url{https://github.com/gabrielhdt/tiel}},
  year={2016},
  month={Juin}}

@book{BioVeg_ref43,
  author={Raven, Peter H. AND Evert, Ray F. AND Eichorn, Susan E.},
  title={Biologie végétale},
  publisher={De Boeck},
  edition={2},
  month={Avril},
  year={2007}}
 
@manual{QtiPlot_ref44,
  author={Vasilief, Ion AND Besch, Stephen AND Gadiou, Roger AND Franke, Knut},
  title={The QtiPlot Handbook},
  howpublished = {\url{http://www.qtiplot.com/manuals.html}}}

@book{flore_ref45,
  author={Rameau, J.-C. AND Mansion, D. AND Dumé, G.},
  title={Flore Forestière Française, guide écologique illustré},
  publisher={Institut pour le Développement Forestier},
  volume={1 Plaines et Collines}}

@article{AF_ref46,
  author={Fontan, Ivan AND Reis, Geraldo AND Reis, Maria AND Leite, Helio AND
    Monte, Marco AND Ramos, Diego AND Souza, Felippe},
  title={Growth of pruned eucalypt clone in an agroforestry system in
    southeastern Brazil},
  journal={Agroforestry Systems},
  year={2011},
  pages={121-131},
  volume={83}}

@article{AF_ref47,
  author={Leroy, Céline AND Sabatier, Sylvie AND Wahyuni, Novi Sari AND Barezi,
    Jean-François AND Dauzat, Jean AND Laurans, Marilyne AND Auclair, Daniel},
  title={Virtual trees and light capture: a methode for optimizing agroforestry
    stand design},
  journal={Agroforestry Systems},
  year={2009},
  pages={37-47},
  volume={77}}

@article{AF_ref48,
  author={Zamora, Diomides AND Jose, Shibu AND Jones, James AND Cropper Jr.,
    Wendell},
  title={Modeling cotton production response to shading in a pecan alleycropping
    system using CROPGRO},
  journal={Agroforestry Systems},
  year={2009},
  pages={423-435},
  volume={76}}

@article{AF_ref49,
  author={Saptono, Mofit AND N.C.C, Hastin Ernawati},
  title={Growth and yield of cassava in agro forestry system using crown tree
    management: crown prunning for optimization light interception},
  journal={Agrivita},
  year={2011},
  month={Février},
  pages={22-31}}

@article{AF_ref50,
  author={Dupraz, Christian AND Capillon, Alain},
  title={L'agroforesterie: une voie de diversification écologique de
    l'agriculture européenne?},
  year={2005}}

@article{AF_ref51,
  author={Mary, F. AND Dupraz, C. AND Delannoy, E. AND Liagre, F.},
  title={Incorporating agroforestry practices in the management of walnut
    plantations in Dauphiné, France: an analysis of farmers motivations},
  journal={Agroforestry Systems},
  year={1999},
  pages={243-256},
  volume={43}}

@article{MAR_ref52,
  author={Forrester, David I. AND Albrecht, Axel T.},
  title={Light absorption and light-use efficiency in mixtures of Abies alba and
    Picea abies along a productivity gradient},
  journal={Forest Ecology and Management},
  year={2014},
  pages={94-102},
  volume={328}}
